<record><leader>00000cas a22000007a 4500</leader><controlfield tag="001">12203557</controlfield><controlfield tag="008">850626d19731978mtuwr ne      0    0eng d</controlfield><datafield ind1=" " ind2=" " tag="010"><subfield code="a">sn 85053162 </subfield></datafield><datafield ind1=" " ind2=" " tag="040"><subfield code="a">MTL</subfield><subfield code="b">eng</subfield><subfield code="c">MTL</subfield><subfield code="d">OCLCQ</subfield></datafield><datafield ind1=" " ind2=" " tag="042"><subfield code="a">msc</subfield></datafield><datafield ind1="0" ind2=" " tag="130"><subfield code="a">High country (Bozeman, Mont.)</subfield></datafield><datafield ind1="1" ind2="4" tag="245"><subfield code="a">The High country.</subfield></datafield><datafield ind1=" " ind2=" " tag="260"><subfield code="a">Bozeman, Mont. :</subfield><subfield code="b">Thompson Pub. Co.,</subfield><subfield code="c">1973-1978.</subfield></datafield><datafield ind1=" " ind2=" " tag="300"><subfield code="a">6 v. :</subfield><subfield code="b">ill.</subfield></datafield><datafield ind1=" " ind2=" " tag="310"><subfield code="a">Weekly,</subfield><subfield code="b">Jan. 22, 1974-July 12, 1978</subfield></datafield><datafield ind1=" " ind2=" " tag="321"><subfield code="a">Semimonthly,</subfield><subfield code="b">May 1, 1973-Jan. 15, 1974</subfield></datafield><datafield ind1="0" ind2=" " tag="362"><subfield code="a">Vol. 1, no. 7 (May 1, 1973)-v. 6, no. 23 (July 12, 1978).</subfield></datafield><datafield ind1=" " ind2=" " tag="752"><subfield code="a">United States</subfield><subfield code="b">Montana</subfield><subfield code="c">Gallatin</subfield><subfield code="d">Bozeman.</subfield></datafield><datafield ind1="0" ind2="7" tag="780"><subfield code="t">Gallatin voice</subfield><subfield code="w">(DLC)sn 85053160</subfield></datafield><datafield ind1="0" ind2="0" tag="785"><subfield code="t">High country news (Bozeman, Mont.)</subfield><subfield code="w">(DLC)sn 85053172</subfield></datafield></record>